<record><leader>02000cam a2200481 i 4500</leader><controlfield tag="001">6811067</controlfield><controlfield tag="003">OCoLC</controlfield><controlfield tag="005">20150529114804.0</controlfield><controlfield tag="008">141001s2015    nyua     b    001 0 eng  </controlfield><datafield ind1=" " ind2=" " tag="010"><subfield code="a">  2014035592</subfield></datafield><datafield ind1=" " ind2=" " tag="015"><subfield code="a">GBB508750</subfield><subfield code="2">bnb</subfield></datafield><datafield ind1="7" ind2=" " tag="016"><subfield code="a">017019165</subfield><subfield code="2">Uk</subfield></datafield><datafield ind1=" " ind2=" " tag="020"><subfield code="a">9781138823488 (hardback)</subfield></datafield><datafield ind1=" " ind2=" " tag="020"><subfield code="a">1138823481 (hardback)</subfield></datafield><datafield ind1=" " ind2=" " tag="020"><subfield code="z">9781315742052 (ebook)</subfield></datafield><datafield ind1=" " ind2=" " tag="035"><subfield code="a">ocn884809087</subfield></datafield><datafield ind1=" " ind2=" " tag="039"><subfield code="a">exclude</subfield></datafield><datafield ind1=" " ind2=" " tag="040"><subfield code="a">DLC</subfield><subfield code="b">eng</subfield><subfield code="e">rda</subfield><subfield code="c">DLC</subfield><subfield code="d">YDX</subfield><subfield code="d">BTCTA</subfield><subfield code="d">YDXCP</subfield><subfield code="d">BDX</subfield><subfield code="d">CDX</subfield><subfield code="d">UKMGB</subfield><subfield code="d">AEU</subfield></datafield><datafield ind1=" " ind2=" " tag="042"><subfield code="a">pcc</subfield></datafield><datafield ind1=" " ind2=" " tag="043"><subfield code="a">e-uk---</subfield></datafield><datafield ind1="0" ind2="0" tag="050"><subfield code="a">PN5124.T4</subfield><subfield code="b">B46 2015</subfield></datafield><datafield ind1="0" ind2="0" tag="082"><subfield code="a">070.1/950941</subfield><subfield code="2">23</subfield></datafield><datafield ind1=" " ind2=" " tag="090"><subfield code="a">PN5124 .T4 B46 2015</subfield><subfield code="b">AEGMCT</subfield></datafield><datafield ind1="1" ind2=" " tag="100"><subfield code="a">Belair-Gagnon, Valerie,</subfield><subfield code="e">author.</subfield></datafield><datafield ind1="1" ind2="0" tag="245"><subfield code="a">Social media at BBC news :</subfield><subfield code="b">the re-making of crisis reporting /</subfield><subfield code="c">Valerie Belair-Gagnon.</subfield></datafield><datafield ind1=" " ind2="1" tag="264"><subfield code="a">New York :</subfield><subfield code="b">Routledge, Taylor &amp; Francis Group,</subfield><subfield code="c">2015.</subfield></datafield><datafield ind1=" " ind2=" " tag="300"><subfield code="a">xviii, 147 pages :</subfield><subfield code="b">illustrations ;</subfield><subfield code="c">24 cm.</subfield></datafield><datafield ind1=" " ind2=" " tag="336"><subfield code="a">text</subfield><subfield code="b">txt</subfield><subfield code="2">rdacontent</subfield></datafield><datafield ind1=" " ind2=" " tag="337"><subfield code="a">unmediated</subfield><subfield code="b">n</subfield><subfield code="2">rdamedia</subfield></datafield><datafield ind1=" " ind2=" " tag="338"><subfield code="a">volume</subfield><subfield code="b">nc</subfield><subfield code="2">rdacarrier</subfield></datafield><datafield ind1="1" ind2=" " tag="490"><subfield code="a">Routledge research in journalism ;</subfield><subfield code="v">10</subfield></datafield><datafield ind1=" " ind2=" " tag="504"><subfield code="a">Includes bibliographical references (pages 125-139) and index.</subfield></datafield><datafield ind1="0" ind2=" " tag="505"><subfield code="a">Introduction: crossing the Rubicon -- "Auntie" takes on social media -- Tweet or be sacked! -- A new order -- New structures, new actors in the newsrooms -- The connected newsroom -- Conclusion: global crises, local responses.</subfield></datafield><datafield ind1=" " ind2=" " tag="596"><subfield code="a">29</subfield></datafield><datafield ind1="2" ind2="0" tag="610"><subfield code="a">British Broadcasting Corporation.</subfield></datafield><datafield ind1=" " ind2="0" tag="650"><subfield code="a">Television broadcasting of news</subfield><subfield code="z">Great Britain.</subfield></datafield><datafield ind1=" " ind2="0" tag="650"><subfield code="a">Online journalism</subfield><subfield code="z">Great Britain</subfield><subfield code="x">History</subfield><subfield code="y">21st century.</subfield></datafield><datafield ind1=" " ind2="0" tag="650"><subfield code="a">Social media</subfield><subfield code="z">Political aspects</subfield><subfield code="z">Great Britain.</subfield></datafield><datafield ind1=" " ind2="0" tag="830"><subfield code="a">Routledge research in journalism ;</subfield><subfield code="v">10.</subfield></datafield><datafield ind1=" " ind2=" " tag="949"><subfield code="a">PN5124 .T4 B46 2015</subfield><subfield code="h">GMCT-OS-B</subfield><subfield code="i">1007771403</subfield><subfield code="p">168.81</subfield><subfield code="k">AVAIL_SOON</subfield></datafield><datafield ind1=" " ind2=" " tag="019"><subfield code="a">884479802</subfield></datafield><datafield ind1="1" ind2=" " tag="029"><subfield code="a">AU@</subfield><subfield code="b">000053687700</subfield></datafield><datafield ind1=" " ind2=" " tag="926"><subfield code="a">PN5124 .T4 B46 2015</subfield><subfield code="w">LC</subfield><subfield code="c">1</subfield><subfield code="i">1007771403</subfield><subfield code="d">6/26/2015</subfield><subfield code="l">ON_SHELF</subfield><subfield code="m">GR_MACEWAN</subfield><subfield code="p">$168.81</subfield><subfield code="r">Y</subfield><subfield code="s">Y</subfield><subfield code="t">BOOK</subfield><subfield code="u">6/2/2015</subfield></datafield></record>